@manual{sample,
    author = {TU Dortmund},
    title = {Versuch zum Literaturverzeichnis},
    year = 2018
}
@online{Anleitung,
    title = "Anleitung zu v703, Das Geiger-Müller-Zählrohr",
    url = "http://129.217.224.2/HOMEPAGE/PHYSIKER/BACHELOR/AP/SKRIPT/V703.pdf",
    urldate = "2018-06-14",
}
@online{scipyconst,
    title = "Physikalische Konstanten in Scipy",
    url = "https://docs.scipy.org/doc/scipy/reference/constants.html",
    urldate = "2018-06-02",
}
@online{totzeit,
    title = "Geiger-Müller-Zählrohr",
    url = "http://www.b-kainka.de/Geiger-M%FCller-Z%E4hler.pdf",
    urldate = "2018-06-13",
}
@article{ttbarCS,
      author         = "Khachatryan, Vardan and others",
      title          = "{Measurement of the $t\bar{t}$ production cross section
                        using events in the e$\mu$ final state in pp collisions at
                        $\sqrt{s} =$ 13 TeV}",
      collaboration  = "CMS",
      journal        = "Eur. Phys. J.",
      volume         = "C77",
      year           = "2017",
      pages          = "172",
      doi            = "10.1140/epjc/s10052-017-4718-8",
      eprint         = "1611.04040",
      archivePrefix  = "arXiv",
      primaryClass   = "hep-ex",
      reportNumber   = "CMS-TOP-16-005, CERN-EP-2016-265",
      SLACcitation   = "%%CITATION = ARXIV:1611.04040;%%"
}
@article{DY,
author = "V. Khachatryan et al.",
title = "First measurement of the cross section for top-quark pair production in proton–proton collisions at s=7 TeV",
journal = "Physics Letters B",
volume = "695",
number = "5",
pages = "424 - 443",
year = "2011",
issn = "0370-2693",
doi = "https://doi.org/10.1016/j.physletb.2010.11.058",
url = "http://www.sciencedirect.com/science/article/pii/S037026931001333X"
}
@online{cms,
    title = "What is CMS?",
    author = "Lucas Taylor",
    urldate = "2011-11-13",
    url = "http://cms.web.cern.ch/news/what-cms"

}
@article{pythia,
      author         = "Sjostrand, Torbjorn and Lonnblad, Leif and Mrenna,
                        Stephen and Skands, Peter Z.",
      title          = "{Pythia 6.3 physics and manual}",
      year           = "2003",
      eprint         = "hep-ph/0308153",
      archivePrefix  = "arXiv",
      primaryClass   = "hep-ph",
      reportNumber   = "FERMILAB-PUB-03-457, LU-TP-03-38",
      SLACcitation   = "%%CITATION = HEP-PH/0308153;%%"
}
@article{atlas13TeV,
      author         = "Aaboud, Morad and others",
      title          = "{Measurement of the $t\bar{t}$ production cross-section
                        using $e\mu$ events with b-tagged jets in pp collisions at
                        $\sqrt{s}$=13 TeV with the ATLAS detector}",
      collaboration  = "ATLAS",
      journal        = "Phys. Lett.",
      volume         = "B761",
      year           = "2016",
      pages          = "136-157",
      doi            = "10.1016/j.physletb.2016.08.019,
                        10.1016/j.physletb.2017.09.027",
      note           = "[Erratum: Phys. Lett.B772,879(2017)]",
      eprint         = "1606.02699",
      archivePrefix  = "arXiv",
      primaryClass   = "hep-ex",
      reportNumber   = "CERN-EP-2016-088",
      SLACcitation   = "%%CITATION = ARXIV:1606.02699;%%"
}
@online{cern,
      author = "Eluned Anne Smith",
      title = "Updated angular analysis of the decay $B^{0}\rightarrow K^{*0}(\to K^+ \pi^-)\mu^{+}\mu^{-}$",
      url = "https://indi.to/bMm9K",
      urldate = "2020-07-17"
}
@article{Blake:2017wjz,
    author = "Blake, T. and Gersabeck, M. and Hofer, L. and Jäger, S. and Liu, Z. and Zwicky, R.",
    editor = "Foka, Y. and Brambilla, N. and Kovalenko, V.",
    title = "{Round table: Flavour anomalies in b $\rightarrow$ sl+l$-$ processes}",
    eprint = "1703.10005",
    archivePrefix = "arXiv",
    primaryClass = "hep-ph",
    reportNumber = "CP3-ORIGINS-2017-009, CCUB-17-008",
    doi = "10.1051/epjconf/201713701001",
    journal = "EPJ Web Conf.",
    volume = "137",
    pages = "01001",
    year = "2017"
}
@article{Descotes-Genon:2013vna,
    author = "Descotes-Genon, Sebastien and Hurth, Tobias and Matias, Joaquim and Virto, Javier",
    title = "{Optimizing the basis of $B\to K^*ll$ observables in the full kinematic range}",
    eprint = "1303.5794",
    archivePrefix = "arXiv",
    primaryClass = "hep-ph",
    reportNumber = "UAB-FT-732, LPT-ORSAY-13-24, MITP-13-020",
    doi = "10.1007/JHEP05(2013)137",
    journal = "JHEP",
    volume = "05",
    pages = "137",
    year = "2013"
}
@article{Straub:2015ica,
    author = "Bharucha, Aoife and Straub, David M. and Zwicky, Roman",
    title = "{$B\to V\ell^+\ell^-$ in the Standard Model from light-cone sum rules}",
    eprint = "1503.05534",
    archivePrefix = "arXiv",
    primaryClass = "hep-ph",
    reportNumber = "TUM-HEP-957-14, CP3-Origins-2015-010, DIAS-2015-10",
    doi = "10.1007/JHEP08(2016)098",
    journal = "JHEP",
    volume = "08",
    pages = "098",
    year = "2016"
}
